% Relação de citações utilizadas como exemplo.

@inproceedings{huff2020building,
	title={Building multi-domain service function chains based on multiple NFV orchestrators},
	author={Huff, Alexandre and Ven{\^a}ncio, Giovanni and Garcia, Vin{\'\i}cius Fulber and Duarte, Elias P},
	booktitle={2020 IEEE Conference on Network Function Virtualization and Software Defined Networks (NFV-SDN)},
	pages={19--24},
	year={2020},
	organization={IEEE}
}

@article{scheffel2021automated,
	title={Automated fault detection for additive manufacturing using vibration sensors},
	author={Scheffel, Roberto Milton and Fr{\"o}hlich, Ant{\^o}nio Augusto and Silvestri, Marco},
	journal={International Journal of Computer Integrated Manufacturing},
	volume={34},
	number={5},
	pages={500--514},
	year={2021},
	publisher={Taylor \& Francis}
}

@article{spanhol2015dataset,
	title={A dataset for breast cancer histopathological image classification},
	author={Spanhol, Fabio A and Oliveira, Luiz S and Petitjean, Caroline and Heutte, Laurent},
	journal={Ieee transactions on biomedical engineering},
	volume={63},
	number={7},
	pages={1455--1462},
	year={2015},
	publisher={IEEE}
}

@inproceedings{engel2013relay,
	title={Relay selection methods for maximizing the lifetime of wireless sensor networks},
	author={Engel, F{\'a}bio and Abr{\~a}o, Taufik and Hanzo, Lajos},
	booktitle={2013 IEEE Wireless Communications and Networking Conference (WCNC)},
	pages={2339--2344},
	year={2013},
	organization={IEEE}
}

@MISC{nicbr2023IANA,
	author = {NIC.br},
	title = {IANA entrega os últimos blocos de endereços IPv4},
	month = abril,
	year = {2023},
	howpublished={\url{https://www.nic.br/noticia/na-midia/iana-entrega-os-ultimos-blocos-de-enderecos-ipv4/}}
}
