@BOOK{stallings2008criptografia,
  AUTHOR =       {William Stallings},
  TITLE =        {Criptografia e seguran√ßa de redes},
  PUBLISHER =    {Editora Pearson Prentice Hall},
  YEAR =         {2008},
  isbn =         {978-85-7605-119-0},
}
